@Book{xie2015,
  title = {Dynamic Documents with {R} and knitr},
  author = {Yihui Xie},
  publisher = {Chapman and Hall/CRC},
  address = {Boca Raton, Florida},
  year = {2015},
  edition = {2nd},
  note = {ISBN 978-1498716963},
  url = {http://yihui.name/knitr/},
}

@book{reynolds2008,
	title = {Presentation zen: simple ideas on presentation design and delivery},
	author = {Reynolds, Garr},
	year = {2008},
	date = {2008},
	publisher = {New Riders},
	series = {Voices that matter},
	note = {OCLC: ocn156831268},
	address = {Berkeley, CA}
}

@book{bühler2017,
	title = {Typografie: Schrifttechnologie - Typografische Gestaltung - Lesbarkeit},
	author = {{Bühler}, Peter and Schlaich, Patrick and Sinner, Dominik},
	year = {2017},
	date = {2017},
	publisher = {Springer Berlin Heidelberg},
	series = {Bibliothek der Mediengestaltung},
	doi = {10.1007/978-3-662-53912-5},
	url = {http://link.springer.com/10.1007/978-3-662-53912-5},
	note = {DOI: 10.1007/978-3-662-53912-5},
	address = {Berlin, Heidelberg},
	langid = {de}
}
